<record><leader>03939cam a2200553Ia 4500</leader><controlfield tag="001">6700464</controlfield><controlfield tag="003">DcWaAPA</controlfield><controlfield tag="005">20140807100256.0</controlfield><controlfield tag="006">m     o  d        </controlfield><controlfield tag="007">cr</controlfield><controlfield tag="008">140807s2015    dcu     ob    001 0 eng d</controlfield><datafield ind1=" " ind2=" " tag="020"><subfield code="a">9781433817632 (hardcover)</subfield></datafield><datafield ind1=" " ind2=" " tag="020"><subfield code="a">1433817632 (hardcover)</subfield></datafield><datafield ind1=" " ind2=" " tag="035"><subfield code="a">ocn891916482</subfield></datafield><datafield ind1=" " ind2=" " tag="039"><subfield code="a">exclude</subfield></datafield><datafield ind1=" " ind2=" " tag="040"><subfield code="a">DcWaAPA</subfield><subfield code="d">AEU</subfield></datafield><datafield ind1=" " ind2=" " tag="043"><subfield code="a">n-us---</subfield></datafield><datafield ind1=" " ind2="4" tag="050"><subfield code="a">HQ76.27.O44</subfield><subfield code="b">L58 2015</subfield></datafield><datafield ind1="0" ind2="4" tag="082"><subfield code="a">306.76084/60973</subfield><subfield code="2">23</subfield></datafield><datafield ind1=" " ind2=" " tag="090"><subfield code="a">Internet Access</subfield><subfield code="b">AEU</subfield></datafield><datafield ind1=" " ind2=" " tag="090"><subfield code="a">Internet Access</subfield><subfield code="b">AEC</subfield></datafield><datafield ind1=" " ind2=" " tag="090"><subfield code="a">Internet Access</subfield><subfield code="b">AEGMCT</subfield></datafield><datafield ind1="0" ind2="4" tag="245"><subfield code="a">The lives of LGBT older adults</subfield><subfield code="h">[electronic resource] :</subfield><subfield code="b">understanding challenges and resilience /</subfield><subfield code="c">edited by Nancy A. Orel and Christine A. Fruhauf.</subfield></datafield><datafield ind1=" " ind2=" " tag="250"><subfield code="a">1st ed.</subfield></datafield><datafield ind1=" " ind2=" " tag="260"><subfield code="a">Washington, D.C :</subfield><subfield code="b">American Psychological Association,</subfield><subfield code="c">2015.</subfield></datafield><datafield ind1=" " ind2=" " tag="300"><subfield code="a">1 online resource (256 p.)</subfield></datafield><datafield ind1=" " ind2=" " tag="336"><subfield code="a">text</subfield><subfield code="b">txt</subfield><subfield code="2">rdacontent</subfield></datafield><datafield ind1=" " ind2=" " tag="337"><subfield code="a">computer</subfield><subfield code="b">c</subfield><subfield code="2">rdamedia</subfield></datafield><datafield ind1=" " ind2=" " tag="338"><subfield code="a">online resource</subfield><subfield code="b">cr</subfield><subfield code="2">rdacarrier</subfield></datafield><datafield ind1=" " ind2=" " tag="504"><subfield code="a">Includes bibliographical references and index.</subfield></datafield><datafield ind1=" " ind2=" " tag="520"><subfield code="a">"Researchers and practitioners have become increasingly aware that LGBT persons have unique and varying needs. However, there is a dearth of empirical research on the specific needs and concerns of LGBT older adults and their families because sexual orientation as a research variable is basically absent in all major gerontological research studies. As a result, it is apparent that the available research on the specific needs and concerns of this "invisible" minority group must be made visible and accessible to all professionals who work with the older adult population. Thus, this book represents a comprehensive overview of cutting-edge research on LGBT older adults and their families. The primary purpose of the book is to inform researchers, practitioners, and policymakers of key research findings and describe practical implications for policy and practice related to LGBT aging individuals and families. Another key aspect of this book is its focus on the strengths and resiliency of the LGBT older adult population and the innovative ways in which individuals have overcome heterosexism and homophobia throughout their lives. The focus on strengths and resiliency is an important advancement in the field given that much of the previous literature on LGBT older adults neglected to address such topics"--Introduction. (PsycINFO Database Record (c) 2014 APA, all rights reserved).</subfield></datafield><datafield ind1=" " ind2=" " tag="533"><subfield code="a">Electronic reproduction.</subfield><subfield code="b">Washington, D.C. :</subfield><subfield code="c">American Psychological Association,</subfield><subfield code="d">2014.</subfield><subfield code="n">Available via World Wide Web.</subfield><subfield code="n">Access limited by licensing agreement.</subfield><subfield code="7">s2014 dcunns</subfield></datafield><datafield ind1=" " ind2=" " tag="596"><subfield code="a">21 44 57</subfield></datafield><datafield ind1=" " ind2="0" tag="650"><subfield code="a">Older sexual minorities</subfield><subfield code="z">United States</subfield><subfield code="x">Social conditions.</subfield></datafield><datafield ind1=" " ind2="0" tag="650"><subfield code="a">Older sexual minorities</subfield><subfield code="x">Services for</subfield><subfield code="z">United States.</subfield></datafield><datafield ind1=" " ind2="0" tag="650"><subfield code="a">Older sexual minorities</subfield><subfield code="x">Family relationships</subfield><subfield code="z">United States.</subfield></datafield><datafield ind1=" " ind2="2" tag="650"><subfield code="a">Sexual Behavior.</subfield></datafield><datafield ind1=" " ind2="2" tag="650"><subfield code="a">Aged.</subfield></datafield><datafield ind1="1" ind2=" " tag="700"><subfield code="a">Orel, Nancy A.</subfield></datafield><datafield ind1="1" ind2=" " tag="700"><subfield code="a">Fruhauf, Christine A.</subfield></datafield><datafield ind1="4" ind2="0" tag="856"><subfield code="3">University of Alberta Access</subfield><subfield code="u">http://ovidsp.ovid.com/ovidweb.cgi?T=JS&amp;NEWS=N&amp;PAGE=toc&amp;SEARCH=2014-07760.dd&amp;LINKTYPE=asBody&amp;D=psbk</subfield></datafield><datafield ind1="4" ind2="0" tag="856"><subfield code="3">MacEwan University Access</subfield><subfield code="u">http://search.ebscohost.com/direct.asp?db=pzh&amp;jid=%22201407760%22&amp;scope=site</subfield></datafield><datafield ind1="4" ind2="0" tag="856"><subfield code="3">Concordia University of Edmonton Access</subfield><subfield code="u">http://search.ebscohost.com/login.aspx?direct=true&amp;db=pzh&amp;jid=201407760&amp;site=ehost-live</subfield></datafield><datafield ind1=" " ind2=" " tag="949"><subfield code="h">UAIN</subfield><subfield code="z">PSYCBOOKS</subfield></datafield><datafield ind1=" " ind2=" " tag="949"><subfield code="h">UAIN</subfield><subfield code="m">CONCORDIA</subfield><subfield code="z">PSYCBKSCON</subfield></datafield><datafield ind1=" " ind2=" " tag="949"><subfield code="h">UAIN</subfield><subfield code="m">GR_MAC_INT</subfield><subfield code="z">PSYCBKSGM</subfield></datafield><datafield ind1=" " ind2=" " tag="926"><subfield code="a">Internet Access</subfield><subfield code="w">LC</subfield><subfield code="c">1</subfield><subfield code="i">6700464-1001</subfield><subfield code="l">INTERNET</subfield><subfield code="m">UAINTERNET</subfield><subfield code="r">Y</subfield><subfield code="s">Y</subfield><subfield code="t">E-RESOURCE</subfield><subfield code="u">9/30/2014</subfield><subfield code="x">E-BOOK</subfield><subfield code="z">PSYCBOOKS</subfield></datafield><datafield ind1=" " ind2=" " tag="926"><subfield code="a">Internet Access</subfield><subfield code="w">LC</subfield><subfield code="c">1</subfield><subfield code="i">6700464-2001</subfield><subfield code="l">INTERNET</subfield><subfield code="m">CONCORDIA</subfield><subfield code="r">Y</subfield><subfield code="s">Y</subfield><subfield code="t">E-RESOURCE</subfield><subfield code="u">9/30/2014</subfield><subfield code="x">E-BOOK</subfield><subfield code="z">PSYCBKSCON</subfield></datafield><datafield ind1=" " ind2=" " tag="926"><subfield code="a">Internet Access</subfield><subfield code="w">LC</subfield><subfield code="c">1</subfield><subfield code="i">6700464-3001</subfield><subfield code="l">INTERNET</subfield><subfield code="m">GR_MAC_INT</subfield><subfield code="r">Y</subfield><subfield code="s">Y</subfield><subfield code="t">E-RESOURCE</subfield><subfield code="u">9/30/2014</subfield><subfield code="x">E-BOOK</subfield><subfield code="z">PSYCBKSGM</subfield></datafield></record>